@article{ColRev, 
	author = "Goldberg, Jeffrey B.",
	year = "2004",
	month = "March",
	journal = "EMS Management Journal",
	title = "{{Operations Research Models for the Deployment of Emergency Services Vehicles}}"
	}